@book{coddington1955theory,
  title={Theory of ordinary differential equations},
  author={Coddington, Earl A and Levinson, Norman},
  year={1955},
  publisher={Tata McGraw-Hill Education}
}

@book{hespanha2009linear,
  title={Linear systems theory},
  author={Hespanha, Joao P},
  year={2009},
  publisher={Princeton university press}
}
@book{gantmacher1964theory,
  title={The theory of matrices},
  author={Gantmacher, Feliks R},
  year={1964},
  publisher={Taylor \& Francis}
}

@article{petzold1982differential,
  title={Differential/algebraic equations are not ODE's},
  author={Petzold, Linda},
  journal={SIAM Journal on Scientific and Statistical Computing},
  volume={3},
  number={3},
  pages={367--384},
  year={1982},
  publisher={SIAM}
}

@article{baumgarte1972stabilization,
  title={Stabilization of constraints and integrals of motion in dynamical systems},
  author={Baumgarte, Joachim},
  journal={Computer methods in applied mechanics and engineering},
  volume={1},
  number={1},
  pages={1--16},
  year={1972},
  publisher={Elsevier}
}

@article{ascher1995stabilization,
  title={Stabilization of constrained mechanical systems with daes and invariant manifolds},
  author={Ascher, Uri M and Chin, Hongsheng and Petzold, Linda R and Reich, Sebastian},
  journal={Journal of Structural Mechanics},
  volume={23},
  number={2},
  pages={135--157},
  year={1995},
  publisher={Taylor \& Francis}
}

@book{marsden2013introduction,
  title={Introduction to mechanics and symmetry: a basic exposition of classical mechanical systems},
  author={Marsden, Jerrold E and Ratiu, Tudor},
  volume={17},
  year={2013},
  publisher={Springer Science \& Business Media}
}

@book{arnold1989mathematical,
  title={Mathematical methods of classical mechanics},
  author={Arnold, Vladimir Igorevich},
  volume={60},
  year={1989},
  publisher={Springer Science \& Business Media}
}

@book{siciliano2009robotics,
  title={Robotics: modelling, planning and control},
  author={Siciliano, Bruno and Sciavicco, Lorenzo and Villani, Luigi and Oriolo, Giuseppe},
  year={2009},
  publisher={Springer Science \& Business Media}
}

@book{rao1995mechanical,
  title={Mechanical vibrations},
  author={Rao, Singiresu S and Yap, Fook Fah},
  volume={4},
  year={1995},
  publisher={Addison-Wesley Reading}
}
